@article{vldb12:semantic,
    title={Learning semantic string transformations from examples},
    author={Singh, Rishabh and Gulwani, Sumit},
    journal={VLDB},
    volume={5},
    number={8},
    pages={740--751},
    year={2012},
    publisher={VLDB Endowment}
}

@article{vsa:Mitchell,
    title={Generalization as search},
    author={Mitchell, Tom M.},
    journal={Artificial intelligence},
    volume={18},
    number={2},
    pages={203--226},
    year={1982},
    publisher={Elsevier}
}

@inproceedings{lau:smartedit,
    title={Version Space Algebra and its Application to Programming by Demonstration.},
    author={Lau, Tessa A. and Domingos, Pedro and Weld, Daniel S.},
    booktitle={Proceedings of the \nth{17} International Conference on Machine Learning},
    pages={527--534},
    year={2000}
}

@inproceedings{flashfill,
    title={Automating string processing in spreadsheets using input-output examples},
    author={Gulwani, Sumit},
    booktitle={Proceedings of the \nth{38} ACM Symposium on Principles of Programming Languages},
    volume={46},
    number={1},
    pages={317--330},
    year={2011}
}

@book{hopcroft1979introduction,
    title={Introduction to automata theory, languages, and computation},
    author={Hopcroft, John E.},
    year={1979},
    publisher={Pearson Education India}
}

@article{quickselect,
    author = {Hoare, C. A. R.},
    title = {Algorithm 65: Find},
    journal = {Commun. ACM},
    issue_date = {July 1961},
    volume = {4},
    number = {7},
    month = jul,
    year = {1961},
    issn = {0001-0782},
    pages = {321--322},
    numpages = {2},
    doi = {10.1145/366622.366647},
    acmid = {366647},
    publisher = {ACM},
    address = {New York, NY, USA},
}

